@BOOK{Lamport,
  AUTHOR =       "L. Lamport",
  TITLE =        "\LaTeX, A Document Preparation System: User's Guide And Reference Manual",
  PUBLISHER =    "Pearson Professional Education",
  YEAR =         "1994",
  address =      "New York",
}

@BOOK{Goossens,
  AUTHOR =       "M. Goossens and F. Mittelbach and A. Samarin",
  TITLE =        "The \LaTeX\ Companion",
  PUBLISHER =    "Addison-Wesley",
  YEAR =         "1994",
  OPTaddress =      "",
  OPTedition =      "",
  isbn =         "0201541998",
}

@BOOK{Akesson,
  AUTHOR =       "J. {\AA }kesson and K-E. {\AA }rzen and M. G{\"A}fvert and T. Bergdahl and H. Tummescheit",
  TITLE =        "Modeling and Optimization with Optimica and JModelica.org-Languages and Tools for Solving Large-Scale Dynamic Optimization Problems",
  PUBLISHER =    "Elsevier",
  YEAR =         "2010",
}
@BOOK{ModelicaSpec,
  AUTHOR =       "Modelica Association",
  TITLE =        "Modelica language specification 3.2",
  YEAR =         "2010",
}

@BOOK{ProMoVisPaper,
  AUTHOR =       "Wolfgang Birk and Miguel Casta{\~{n}}o and Andreas Johansson and Stefan R",
  TITLE =        "INTERACTIVE MODELING AND VISUALIZATION OF COMPLEX PROCESSES IN
PULP AND PAPER MAKING",
  YEAR =         "2010",
}
@ONLINE{jmodelicaorg,
title = {JModelica.org},
month = jun,
year = {2012},
url = {http://www.jmodelica.org/}
}
@ONLINE{scipyorg,
title = {scipy.org},
month = jun,
year = {2012},
url = {http://www.scipy.org/}
}
@ONLINE{githabb,
title = {GitHub.com/jwmbrg/Modelica-to-PromoVis-export/},
month = jun,
year = {2012},
url = {https://github.com/jwmbrg/Modelica-to-PromoVis-export}
}
